<record><leader>00000cas a2200000 a 4500</leader><controlfield tag="001">9779087</controlfield><controlfield tag="008">830805c19529999fluwr ne      0   a0eng c</controlfield><datafield ind1=" " ind2=" " tag="010"><subfield code="a">sn 83008403 </subfield></datafield><datafield ind1=" " ind2=" " tag="040"><subfield code="a">NSD</subfield><subfield code="b">eng</subfield><subfield code="c">NSD</subfield><subfield code="d">FUG</subfield><subfield code="d">OCLCQ</subfield><subfield code="d">OCLCF</subfield><subfield code="d">OCLCO</subfield></datafield><datafield ind1=" " ind2=" " tag="012"><subfield code="m">1</subfield></datafield><datafield ind1="1" ind2=" " tag="022"><subfield code="a">0746-1046</subfield><subfield code="l">0746-1046</subfield><subfield code="2">1</subfield></datafield><datafield ind1="1" ind2=" " tag="029"><subfield code="a">AU@</subfield><subfield code="b">000025808218</subfield></datafield><datafield ind1=" " ind2=" " tag="032"><subfield code="a">243700</subfield><subfield code="b">USPS</subfield></datafield><datafield ind1=" " ind2=" " tag="037"><subfield code="b">5 NW First St., PO Box 745, High Springs, FL 32655</subfield></datafield><datafield ind1=" " ind2=" " tag="042"><subfield code="a">nsdp</subfield><subfield code="a">pcc</subfield></datafield><datafield ind1=" " ind2=" " tag="043"><subfield code="a">n-us-fl</subfield></datafield><datafield ind1=" " ind2="0" tag="222"><subfield code="a">High Springs herald</subfield></datafield><datafield ind1="0" ind2="0" tag="245"><subfield code="a">High Springs herald.</subfield></datafield><datafield ind1="1" ind2="3" tag="246"><subfield code="a">Herald</subfield></datafield><datafield ind1=" " ind2=" " tag="260"><subfield code="a">High Springs, Fla. :</subfield><subfield code="b">High Springs Herald,</subfield><subfield code="c">1952-</subfield></datafield><datafield ind1=" " ind2=" " tag="300"><subfield code="a">v. :</subfield><subfield code="b">ill. (some col.) ;</subfield><subfield code="c">56 cm.</subfield></datafield><datafield ind1=" " ind2=" " tag="310"><subfield code="a">Weekly</subfield></datafield><datafield ind1="0" ind2=" " tag="362"><subfield code="a">Vol. 1, no. 1 (May 29, 1952)-</subfield></datafield><datafield ind1=" " ind2=" " tag="530"><subfield code="a">Also available on microfilm from the University of Florida.</subfield></datafield><datafield ind1=" " ind2="0" tag="651"><subfield code="a">High Springs (Fla.)</subfield><subfield code="v">Newspapers.</subfield></datafield><datafield ind1=" " ind2="0" tag="651"><subfield code="a">Alachua County (Fla.)</subfield><subfield code="v">Newspapers.</subfield></datafield><datafield ind1=" " ind2="7" tag="655"><subfield code="a">Newspapers.</subfield><subfield code="2">fast</subfield><subfield code="0">(OCoLC)fst01423814</subfield></datafield><datafield ind1=" " ind2="7" tag="651"><subfield code="a">Florida</subfield><subfield code="z">Alachua County.</subfield><subfield code="2">fast</subfield><subfield code="0">(OCoLC)fst01214687</subfield></datafield><datafield ind1=" " ind2="7" tag="651"><subfield code="a">Florida</subfield><subfield code="z">High Springs.</subfield><subfield code="2">fast</subfield><subfield code="0">(OCoLC)fst01214683</subfield></datafield><datafield ind1=" " ind2=" " tag="752"><subfield code="a">United States</subfield><subfield code="b">Florida</subfield><subfield code="c">Alachua</subfield><subfield code="d">High Springs.</subfield></datafield><datafield ind1="1" ind2=" " tag="776"><subfield code="c">Microfilm</subfield><subfield code="d">George A. Smathers Libraries, University of Florida</subfield><subfield code="w">(DLC)sn 98026417</subfield><subfield code="w">(OCoLC)39246427</subfield></datafield><datafield ind1="0" ind2="0" tag="780"><subfield code="t">Herald (High Springs, Fla.)</subfield></datafield><datafield ind1="7" ind2=" " tag="856"><subfield code="z">Related internet site:</subfield><subfield code="u">http://www.afn.org/%7Ehsherald/</subfield><subfield code="2">http</subfield></datafield><datafield ind1=" " ind2=" " tag="936"><subfield code="a">Vol. 47, no. 1 (May 1, 1997) LIC</subfield></datafield></record>